<record><leader>00000cas a22000007a 4500</leader><controlfield tag="001">11173907</controlfield><controlfield tag="008">840919c19519999sduwr ne      0   a0eng d</controlfield><datafield ind1=" " ind2=" " tag="010"><subfield code="a">sn 84007035 </subfield></datafield><datafield ind1=" " ind2=" " tag="040"><subfield code="a">NSD</subfield><subfield code="b">eng</subfield><subfield code="c">NSD</subfield><subfield code="d">SXN</subfield><subfield code="d">OCLCQ</subfield><subfield code="d">OCLCF</subfield><subfield code="d">OCLCO</subfield></datafield><datafield ind1=" " ind2=" " tag="012"><subfield code="m">1</subfield></datafield><datafield ind1="1" ind2=" " tag="022"><subfield code="a">8750-2488</subfield><subfield code="l">8750-2488</subfield><subfield code="2">1</subfield></datafield><datafield ind1=" " ind2=" " tag="032"><subfield code="a">109840</subfield><subfield code="b">USPS</subfield></datafield><datafield ind1=" " ind2=" " tag="037"><subfield code="b">The Armour Chronicle, Box 1287, Armour, SD 57313-0128</subfield></datafield><datafield ind1=" " ind2=" " tag="042"><subfield code="a">nsdp</subfield></datafield><datafield ind1=" " ind2=" " tag="043"><subfield code="a">n-us-sd</subfield></datafield><datafield ind1=" " ind2="4" tag="222"><subfield code="a">The Armour chronicle</subfield></datafield><datafield ind1="0" ind2="4" tag="245"><subfield code="a">The Armour chronicle.</subfield></datafield><datafield ind1="1" ind2="7" tag="246"><subfield code="a">Armour, S.D. chronicle</subfield></datafield><datafield ind1="1" ind2="7" tag="246"><subfield code="a">Armour, SD chronicle</subfield></datafield><datafield ind1="1" ind2="7" tag="246"><subfield code="a">Armour, S. Dak. chronicle</subfield></datafield><datafield ind1="1" ind2="7" tag="246"><subfield code="a">Armour, South Dakota, chronicle</subfield></datafield><datafield ind1=" " ind2=" " tag="260"><subfield code="a">Armour, Douglas County, S.D. :</subfield><subfield code="b">Maynard H. Goehring,</subfield><subfield code="c">1951-</subfield></datafield><datafield ind1=" " ind2=" " tag="300"><subfield code="a">v.</subfield></datafield><datafield ind1=" " ind2=" " tag="310"><subfield code="a">Weekly</subfield></datafield><datafield ind1="0" ind2=" " tag="362"><subfield code="a">Vol. 68, no. [6] (June 8, 1951)-</subfield></datafield><datafield ind1=" " ind2=" " tag="500"><subfield code="a">Has supplemental section called "The Daily action rocket."</subfield></datafield><datafield ind1=" " ind2=" " tag="515"><subfield code="a">First issue damaged; first issue number inferred from later issue.</subfield></datafield><datafield ind1=" " ind2=" " tag="530"><subfield code="a">Available on microfilm from: State Archives, South Dakota State Historical Society.</subfield></datafield><datafield ind1=" " ind2="0" tag="651"><subfield code="a">Armour (S.D.)</subfield><subfield code="v">Newspapers.</subfield></datafield><datafield ind1=" " ind2="0" tag="651"><subfield code="a">Douglas County (S.D.)</subfield><subfield code="v">Newspapers.</subfield></datafield><datafield ind1=" " ind2="7" tag="655"><subfield code="a">Newspapers.</subfield><subfield code="2">fast</subfield><subfield code="0">(OCoLC)fst01423814</subfield></datafield><datafield ind1=" " ind2="7" tag="651"><subfield code="a">South Dakota</subfield><subfield code="z">Armour.</subfield><subfield code="2">fast</subfield><subfield code="0">(OCoLC)fst01305887</subfield></datafield><datafield ind1=" " ind2="7" tag="651"><subfield code="a">South Dakota</subfield><subfield code="z">Douglas County.</subfield><subfield code="2">fast</subfield><subfield code="0">(OCoLC)fst01214988</subfield></datafield><datafield ind1=" " ind2=" " tag="752"><subfield code="a">United States</subfield><subfield code="b">South Dakota</subfield><subfield code="c">Douglas</subfield><subfield code="d">Armour.</subfield></datafield><datafield ind1="0" ind2="0" tag="780"><subfield code="t">Chronicle (Armour, S.D.)</subfield><subfield code="w">(DLC)sn 99068019</subfield></datafield><datafield ind1=" " ind2=" " tag="936"><subfield code="a">Aug. 30, 1984</subfield></datafield></record>